%% Standards, Programming Models / Languages, ...
%%manual
%%Technical documentation.
%%Required fields: title
%%Optional fields: author, organization, address, edition, month, year, note, key

@manual{OpenCL,
  title = {The OpenCL Specification},
  author = {Aaftab Munshi},
  organization = {Khronos OpenCL Working Group},
  note = {Version 1.2, Document Revision 19},
  month = {November},
  year = {2012}
}

@book{Cole1991,
 author = {Murray Cole},
 title = {Algorithmic Skeletons: Structured Management of Parallel Computation},
 year = {1991},
 isbn = {0-262-53086-4},
 publisher = {MIT Press},
 address = {Cambridge, MA, USA},
} 

@incollection{GorlatchCo2011,
  author = {Sergei Gorlatch and Murray Cole},
  title = {Parallel Skeletons},
  booktitle = {Encyclopedia of Parallel Computing},
  publisher = {Springer},
  year = {2011},
  editor = {David Padua},
  pages = {1417-1422},
}

@incollection{Blelloch1991,
  author = {Guy E. Blelloch},
  title = {Prefix Sums and Their Applications},
  booktitle = {Synthesis of Parallel Algorithms},
  publisher = {Morgan Kaufmann},
  year = {1991},
  editor = {John H. Reif},
  pages = {35-60},
}

@incollection{HarrisSeOw2007,
  author = {Marks Harris and Shubhabrata Sengupta and John D. Owens},
  title = {Parallel Prefix Sum (Scan) with CUDA},
  booktitle = {GPU Gems 3},
  publisher = {Addison Wesley},
  year = {2007},
  editor = {Hubert Nguyen},
  pages = {??},
}

@article{Dongarra2002,
  author    = {Jack Dongarra},
  title     = {Basic Linear Algebra Subprograms Technical (Blast) Forum
               Standard (1)},
  journal   = {International Journal of High Performance Computing Applications},
  volume    = {16},
  number    = {1},
  year      = {2002},
  pages     = {1-111},
}

@article{Dongarra2002a,
  author    = {Jack Dongarra},
  title     = {Basic Linear Algebra Subprograms Technical (Blast) Forum
               Standard (2)},
  journal   = {International Journal of High Performance Computing Applications},
  volume    = {16},
  number    = {2},
  year      = {2002},
  pages     = {115-199},
}

@book{McCoolRoRe2012,
  author = {Michael McCool and Arch D. Robinson and James Reinders},
  title = {Structured Parallel Programming},
  year = {2012},
  isbn = {978-0-12-415993-8},
  publisher = {Morgan Kaufmann},
}


%% This BibTeX bibliography file was created using BibDesk.
%% http://bibdesk.sourceforge.net/


%% Created for Michel Steuwer at 2013-05-26 15:02:20 +0200 


%% Saved with string encoding Unicode (UTF-8) 

@article{OlejnikStGoHe2014,
author = {Olejnik, Michael and Steuwer, Michel and Gorlatch, Sergei and Heider, Dominik}, 
title = {gCUP: rapid GPU-based HIV-1 co-receptor usage prediction for next-generation sequencing},
month = {aug},
year = {2014}, 
doi = {10.1093/bioinformatics/btu535}, 
URL = {http://bioinformatics.oxfordjournals.org/content/early/2014/08/23/bioinformatics.btu535.abstract}, 
journal = {Bioinformatics} 
}

@inproceedings{GorlatchSt2014,
 author = {Sergei Gorlatch and Michel Steuwer},
 title = {Towards High-Level Programming for Systems with Many Cores},
 booktitle = {Perspectives of Systems Informatics 9th International Andrei Ershov Memorial Conference, PSI 2014},
 month = {jun},
 year = {2014},
 location = {St. Petersburg, Russia},
 publisher = {Springer},
 series    = {Lecture Notes in Computer Science},
} 

@article{SteuwerHaBrGo2014,
author = {Steuwer, Michel and Haidl, Michael and Breuer, Stefan and Gorlatch, Sergei},
title = {High-Level Programming of Stencil Computations on Multi-GPU Systems Using the SkelCL Library},
journal = {Parallel Processing Letters},
volume = {24},
number = {03},
pages = {1441005},
year = {2014},
doi = {10.1142/S0129626414410059},
URL = {http://www.worldscientific.com/doi/abs/10.1142/S0129626414410059},
}

@inproceedings{BreuerStGo2014,
 author = {Stefan Breuer and Michel Steuwer and Sergei Gorlatch},
 title = {Extending the SkelCL Skeleton Library for Stencil Computations on Multi-GPU Systems},
 booktitle = {Proceedings of the 1st International Workshop on High-Performance Stencil Computations},
 series = {HiStencils 2014},
 month = {jan},
 year = {2014},
 location = {Vienna, Austria},
 pages = {15--21},
 url = {http://www.exastencils.org/histencils/2014/papers/histencils2014_skelcl_on_multi_gpu_systems.pdf},
} 

@inproceedings{FumeroStDu14,
 author = {Fumero, Juan Jos{\'e} and Steuwer, Michel and Dubach, Christophe},
 title = {A Composable Array Function Interface for Heterogeneous Computing in Java},
 booktitle = {Proceedings of ACM SIGPLAN International Workshop on Libraries, Languages, and Compilers for Array Programming},
 series = {ARRAY'14},
 year = {2014},
 location = {Edinburgh, United Kingdom},
 pages = {44--49},
 url = {http://doi.acm.org/10.1145/2627373.2627381},
 doi = {10.1145/2627373.2627381},
 publisher = {ACM},
 address = {New York, NY, USA},
} 

@article{SteuwerG14,
  author    = {Michel Steuwer and
               Sergei Gorlatch},
  title     = {SkelCL: a high-level extension of OpenCL for multi-GPU systems},
  journal   = {The Journal of Supercomputing},
  month={jul},
  year      = {2014},
  volume    = {69},
  number    = {1},
  pages     = {25--33},
  url       = {http://dx.doi.org/10.1007/s11227-014-1213-y},
  doi       = {10.1007/s11227-014-1213-y},
}

@article{KegSteGor13b,
  author    = {Philipp Kegel and
               Michel Steuwer and
               Sergei Gorlatch},
  title     = {dOpenCL: Towards uniform programming of distributed heterogeneous
               multi-/many-core systems},
  journal   = {Journal of Parallel and Distributed Computing},
  year      = {2013},
  volume    = {73},
  number    = {12},
  pages     = {1639--1648},
  url       = {http://dx.doi.org/10.1016/j.jpdc.2013.07.021},
  doi       = {10.1016/j.jpdc.2013.07.021},
}

@incollection{KegSteGor13,
	Author = {Philipp Kegel and Michel Steuwer and Sergei Gorlatch},
	Institution = {University of Münster},
	Booktitle = {Transition of HPC Towards Exascale Computing},
	Editor = {Erik D'Hollander and Jack Dongarra and Ian Foster and Lucio Grandinetti and Gerhard Joubert},
	Publisher = {IOS Press},
	Title = {Uniform High-Level Programming of Many-Core and Multi-GPU Systems},
  pages = {159--176},
  volume = {24},
	Year = {2013}
}

@incollection{KesGorEmm11,
	Author = {Christoph Kessler and Sergei Gorlatch and Johan Emmyren and Usman Dastgeer and Michel Steuwer and Philipp Kegel},
	Booktitle = {Programming Multi-core and Many-core Computing Systems},
	Editor = {Sabri Pllana and Fatos Xhafa},
	Isbn = {978-0470936900},
	Publisher = {Wiley-Blackwell},
	Series = {Wiley Series on Parallel and Distributed Computing},
	Title = {Skeleton Programming for Portable Many-Core Computing},
	%Volume = {86},
	Year = {2014},
	Month = {oct},
}

@inproceedings{SteGor13a,
	Author = {Michel Steuwer and Sergei Gorlatch},
	Booktitle = {Parallel Computing Technologies - 12 International Conference (PaCT 2013)},
	Institution = {University of Münster},
  Editor = {Victor Malyshkin},
  Location = {St. Petersburg, Russia},
	Title = {SkelCL: Enhancing OpenCL for High-Level Programming of Multi-GPU Systems},
  Publisher = {Springer},
  series    = {Lecture Notes in Computer Science},
  volume    = {7979},
  month = {sep},
	Year = {2013},
  pages = {258--272},
}

@inproceedings{SteGor13,
	Author = {Michel Steuwer and Sergei Gorlatch},
	Institution = {University of Münster},
	Title = {High-Level Programming for Medical Imaging on Multi-GPU Systems using the SkelCL Library},
  booktitle = {Proceedings of the International Conference on Computational Science (ICCS 2013)},
  pages     = {749--758},
  editor    = {Vassil N. Alexandrov and
               Michael Lees and
               Valeria V. Krzhizhanovskaya and
               Jack Dongarra and
               Peter M. A. Sloot},
  series    = {Procedia Computer Science},
  volume    = {18},
  publisher = {Elsevier},
  month = {jun},
	Year = {2013}
}

@article{SteFriAlb13,
  author    = {Michel Steuwer and
               Malte Friese and
               Sebastian Albers and
               Sergei Gorlatch},
  title     = {Introducing and Implementing the Allpairs Skeleton for Programming
               Multi-GPU Systems},
  journal   = {International Journal of Parallel Programming},
  year      = {2014},
  month = {aug},
  volume    = {42},
  number    = {4},
  pages     = {601--618},
	Institution = {University of Münster},
  url       = {http://dx.doi.org/10.1007/s10766-013-0265-6},
  doi       = {10.1007/s10766-013-0265-6},
}

@inproceedings{SteGorBus12,
	Author = {Michel Steuwer and Sergei Gorlatch and Matthias Buß and Stefan Breuer},
	Booktitle = {Euro-Par 2012: Parallel Processing Workshops - BDMC, CGWS, HeteroPar, HiBB, OMHI, Paraphrase, PROPER, Resilience, UCHPC, VHPC},
	Doi = {10.1007/978-3-642-36949-0_41},
	Editor = {Ioannis Caragiannis and Michael Alexander and Rosa M. Badia and Mario Cannataro and Alexandru Costan and Marco Danelutto and Fr{\'e}d{\'e}ric Desprez and Bettina Krammer and Julio Sahuquillo and Stephen L. Scott and Josef Weidendorfer},
	Institution = {University of Münster},
	Isbn = {978-3-642-36948-3},
	Location = {Rhodes Island, Greence},
	Month = {aug},
	Pages = {370--380},
	Publisher = {Springer},
	Series = {Lecture Notes in Computer Science},
	Title = {Using the SkelCL Library for High-Level GPU Programming of 2D Applications},
	Volume = {7640},
	Year = {2012},
}

@inproceedings{SteKegGor12a,
	Author = {Michel Steuwer and Philipp Kegel and Sergei Gorlatch},
	Booktitle = {New Trends in Software Methodologies, Tools and Techniques New Trends in Software Methodologies, Tools and Techniques - Proceedings of the Eleventh SoMeT '12},
	Doi = {10.3233/978-1-61499-125-0-430},
	Editor = {Hamido Fujita and Roberto Revetria},
	Institution = {University of Münster},
	Isbn = {978-1-61499-124-3},
	Location = {Genoa, Italy},
	Month = {sep},
	Pages = {430--441},
	Publisher = {IOS Press},
	Series = {Frontiers in Artificial Intelligence and Applications},
	Title = {A High-Level Programming Approach for Distributed Systems with Accelerators},
	Volume = {246},
	Year = {2012}
}

@inproceedings{KegSteGor12,
	Author = {Philipp Kegel and Michel Steuwer and Sergei Gorlatch},
	Booktitle = {2012 26th IEEE International Symposium on Parallel and Distributed Processing Workshops and Phd Forum (IPDPSW)},
	Doi = {10.1109/IPDPSW.2012.16},
	Institution = {University of Münster},
	Isbn = {978-1-4673-0974-5},
	Location = {Shanghai, China},
	Month = {may},
	Pages = {174--186},
	Publisher = {IEEE},
	Title = {dOpenCL: Towards a Uniform Aproach for Distributed Heterogeneous Multi-/Many-Core Systems},
	Year = {2012},
}

@inproceedings{SteKegGor12,
	Author = {Michel Steuwer and Philipp Kegel and Sergei Gorlatch},
	Booktitle = {2012 26th IEEE International Symposium on Parallel and Distributed Processing Workshops and Phd Forum (IPDPSW)},
	Doi = {10.1109/IPDPSW.2012.229},
	Institution = {University of Münster},
	Isbn = {978-1-4673-0974-5},
	Location = {Shanghai, China},
	Month = {may},
	Pages = {1858--1865},
	Publisher = {IEEE},
	Title = {Towards High-Level Programming of Multi-GPU Systems Using the SkelCL Library},
	Year = {2012},
}

@inproceedings{SteKegGor11,
	Author = {Michel Steuwer and Philipp Kegel and Sergei Gorlatch},
	Booktitle = {2011 IEEE International Symposium on Parallel and Distributed Processing Workshops and Phd Forum (IPDPSW)},
	Doi = {10.1109/IPDPS.2011.269},
	Institution = {University of Münster},
	Isbn = {978-1-61284-425-1},
	Location = {Anchorage, AK, USA},
	Month = {may},
	Pages = {1176--1182},
	Publisher = {IEEE},
	Title = {SkelCL - A Portable Skeleton Library for High-Level GPU Programming},
	Year = {2011},
}

@techreport{SteKegGor10,
	Author = {Michel Steuwer and Philipp Kegel and Sergei Gorlatch},
	Institution = {University of Münster},
	Month = {dec},
	Title = {SkelCL -- A Portable Multi-GPU Skeleton Library},
	Year = {2010}
}

